@misc{what_when_how,
  title = {what_when_how},
  howpublished = "\url{http://what-when-how.com/advanced-methods-in-computer-graphics/quaternions-advanced-methods-in-computer-graphics-part-4/}"
}

@article{kelly1999offering,
  title={Offering a hand to pragmatic understanding: The role of speech and gesture in comprehension and memory},
  author={Kelly, Spencer D and Barr, Dale J and Church, R Breckinridge and Lynch, Katheryn},
  journal={Journal of memory and Language},
  volume={40},
  number={4},
  pages={577--592},
  year={1999},
  publisher={Elsevier}
}