@article{soderstrom2015learning,
  title={Learning versus performance: An integrative review},
  author={Soderstrom, Nicholas C and Bjork, Robert A},
  journal={Perspectives on Psychological Science},
  volume={10},
  number={2},
  pages={176--199},
  year={2015},
  publisher={Sage Publications Sage CA: Los Angeles, CA}
}

@article{kantak2012learning,
  title={Learning--performance distinction and memory processes for motor skills: A focused review and perspective},
  author={Kantak, Shailesh S and Winstein, Carolee J},
  journal={Behavioural brain research},
  volume={228},
  number={1},
  pages={219--231},
  year={2012},
  publisher={Elsevier}
}

@article{sailer2020gamification,
  title={The gamification of learning: A meta-analysis},
  author={Sailer, Michael and Homner, Lisa},
  journal={Educational Psychology Review},
  volume={32},
  number={1},
  pages={77--112},
  year={2020},
  publisher={Springer}
}

@inproceedings{seichter2007augmented,
  title={Augmented reality and tangible interfaces in collaborative urban design},
  author={Seichter, Hartmut},
  booktitle={Computer-Aided Architectural Design Futures (CAADFutures) 2007: Proceedings of the 12th International CAADFutures Conference},
  pages={3--16},
  year={2007},
  organization={Springer}
}

@article{saleem2022gamification,
  title={Gamification applications in E-learning: A literature review},
  author={Saleem, Awaz Naaman and Noori, Narmin Mohammed and Ozdamli, Fezile},
  journal={Technology, Knowledge and Learning},
  volume={27},
  number={1},
  pages={139--159},
  year={2022},
  publisher={Springer}
}

@article{stephanidis2019seven,
  title={Seven HCI grand challenges},
  author={Stephanidis, Constantine and Salvendy, Gavriel and Antona, Margherita and Chen, Jessie YC and Dong, Jianming and Duffy, Vincent G and Fang, Xiaowen and Fidopiastis, Cali and Fragomeni, Gino and Fu, Limin Paul and others},
  journal={International Journal of Human--Computer Interaction},
  volume={35},
  number={14},
  pages={1229--1269},
  year={2019},
  publisher={Taylor \& Francis}
}

@inproceedings{ferscha2007human,
  title={Human computer confluence},
  author={Ferscha, Alois and Resmerita, Stefan and Holzmann, Clemens},
  booktitle={Universal Access in Ambient Intelligence Environments: 9th ERCIM Workshop on User Interfaces for All, K{\"o}nigswinter, Germany, September 27-28, 2006. Revised Papers},
  pages={14--27},
  year={2007},
  organization={Springer}
}

@article{zatorre2005mental,
  title={Mental concerts: musical imagery and auditory cortex},
  author={Zatorre, Robert J and Halpern, Andrea R},
  journal={Neuron},
  volume={47},
  number={1},
  pages={9--12},
  year={2005},
  publisher={Elsevier}
}

@article{weber1986musical,
  title={Musical imagery},
  author={Weber, Robert J and Brown, Suellen},
  journal={Music Perception},
  volume={3},
  number={4},
  pages={411--426},
  year={1986},
  publisher={University of California Press}
}

@inproceedings{hershman2018light,
  title={Light it up: Using paper circuitry to enhance low-fidelity paper prototypes for children},
  author={Hershman, Anneli and Nazare, Juliana and Qi, Jie and Saveski, Martin and Roy, Deb and Resnick, Mitchel},
  booktitle={Proceedings of the 17th ACM conference on interaction design and children},
  pages={365--372},
  year={2018}
}

@inproceedings{khan2019soft,
  title={Soft inkjet circuits: rapid multi-material fabrication of soft circuits using a commodity inkjet printer},
  author={Khan, Arshad and Roo, Joan Sol and Kraus, Tobias and Steimle, J{\"u}rgen},
  booktitle={Proceedings of the 32nd Annual ACM Symposium on User Interface Software and Technology},
  pages={341--354},
  year={2019}
}

@inproceedings{bland1977college,
  title={The college music theory curriculum: the synthesis of traditional and comprehensive musicianship approaches},
  author={Bland, Leland D},
  booktitle={College Music Symposium},
  volume={17},
  number={2},
  pages={167--174},
  year={1977},
  organization={JSTOR}
}

@inproceedings{amateurs,
  title={Les amateurs, enquête sur les activités artistiques des Français},
  author={Olivier Donnat},
  booktitle={Les amateurs, enquête sur les activités artistiques des Français},
  pages={198},
  year={1996}
}

@inproceedings{zigelbaum2006bodybeats,
  title={BodyBeats: whole-body, musical interfaces for children},
  author={Zigelbaum, Jamie and Millner, Amon and Desai, Bella and Ishii, Hiroshi},
  booktitle={CHI'06 extended abstracts on human factors in computing systems},
  pages={1595--1600},
  year={2006}
}

@inproceedings{struc_inter_music_score,
  title={Structured Interactive Music Scores},
  author={Toro, Maurico},
  year={2018}
}

@inproceedings{xiao2014andante,
  title={Andante: Walking Figures on the Piano Keyboard to Visualize Musical Motion.},
  author={Xiao, Xiao and Tome, Basheer and Ishii, Hiroshi},
  booktitle={NIME},
  pages={629--632},
  year={2014},
  organization={Cambridge, MA}
}

@article{kim2008heterogeneous,
  title={Heterogeneous interfacial properties of ink-jet-printed silver nanoparticulate electrode and organic semiconductor},
  author={Kim, Dongjo and Jeong, Sunho and Shin, Hyunjung and Xia, Younan and Moon, Jooho},
  journal={Advanced materials},
  volume={20},
  number={16},
  pages={3084--3089},
  year={2008},
  publisher={WILEY-VCH Verlag Weinheim}
}

@inproceedings{khan2019soft,
  title={Soft inkjet circuits: rapid multi-material fabrication of soft circuits using a commodity inkjet printer},
  author={Khan, Arshad and Roo, Joan Sol and Kraus, Tobias and Steimle, J{\"u}rgen},
  booktitle={Proceedings of the 32nd Annual ACM Symposium on User Interface Software and Technology},
  pages={341--354},
  year={2019}
}

@inproceedings{wessely2020sprayable,
  title={Sprayable user interfaces: Prototyping large-scale interactive surfaces with sensors and displays},
  author={Wessely, Michael and Sethapakdi, Ticha and Castillo, Carlos and Snowden, Jackson C and Hanton, Ollie and Qamar, Isabel PS and Fraser, Mike and Roudaut, Anne and Mueller, Stefanie},
  booktitle={Proceedings of the 2020 CHI Conference on Human Factors in Computing Systems},
  pages={1--12},
  year={2020}
}

@article{Pen-on-paper,
  title={Pen-on-paper},
  author={Russo, Analisa and Ahn, Bok Yeop and Adams, Jacob J and Duoss, Eric B and Bernhard, Jennifer T and Lewis, Jennifer A},
  journal={Advanced materials},
  volume={23},
  number={30},
  pages={3426--3430},
  year={2011},
  publisher={Wiley Online Library}
}

@misc{adrien2022capacitive_to_notes,
  author = {Adrien Lefevre},
  title = {capacitive_to_notes},
  year = {2022},
  publisher = {GitHub},
  journal = {GitHub repository},
  howpublished = {\url{https://github.com/AdrLfv/capacitive_to_notes}},
}

@misc{adrien2022capacitive_to_notes,
  author = {Adrien Lefevre},
  title = {How to trace conductive ink circuit with a simple inkjet printer?},
  year = {2022},
  publisher = {DVIC},
  journal = {DVIC Website},
  howpublished = {\url{https://dvic.devinci.fr/circuit-inkjet-printer}},
}

@inproceedings{taele2015maestoso,
  title={Maestoso: An intelligent educational sketching tool for learning music theory},
  author={Taele, Paul and Barreto, Laura and Hammond, Tracy},
  booktitle={Proceedings of the AAAI Conference on Artificial Intelligence},
  volume={29},
  number={2},
  pages={3999--4005},
  year={2015}
}

@inproceedings{amico2020kibo,
  title={Kibo: A MIDI controller with a tangible user interface for music education},
  author={Amico, Mattia Davide and Ludovico, Luca Andrea and others},
  booktitle={Proceedings of the 12th International Conference on Computer Supported Education. 1: CSME},
  pages={613--619},
  year={2020},
  organization={SCITEPRESS}
}

https://dvic.devinci.fr/circuit-inkjet-printer

@article{cooper2011sign,
  title={Sign language recognition},
  author={Cooper, Helen and Holt, Brian and Bowden, Richard},
  journal={Visual Analysis of Humans: Looking at People},
  pages={539--562},
  year={2011},
  publisher={Springer}
}

@misc{moss2018,
  title = {Moss},
  year = {2018},
  publisher = {Steam},
  journal = {Steam store},
  howpublished = {\url{https://store.steampowered.com/app/846470/Moss/}},
}

@inproceedings{zafrulla2011copycat,
  title={CopyCat: an American sign language game for deaf children},
  author={Zafrulla, Zahoor and Brashear, Helene and Presti, Peter and Hamilton, Harley and Starner, Thad},
  booktitle={Face and Gesture 2011},
  pages={647--647},
  year={2011},
  organization={IEEE Computer Society}
}

@article{almeida2014feature,
  title={Feature extraction in Brazilian Sign Language Recognition based on phonological structure and using RGB-D sensors},
  author={Almeida, S{\'\i}lvia Grasiella Moreira and Guimar{\~a}es, Frederico Gadelha and Ram{\'\i}rez, Jaime Arturo},
  journal={Expert Systems with Applications},
  volume={41},
  number={16},
  pages={7259--7271},
  year={2014},
  publisher={Elsevier}
}

@article{adeyanju2021machine,
  title={Machine learning methods for sign language recognition: A critical review and analysis},
  author={Adeyanju, IA and Bello, OO and Adegboye, MA},
  journal={Intelligent Systems with Applications},
  volume={12},
  pages={200056},
  year={2021},
  publisher={Elsevier}
}

@article{ionescu2005dynamic,
  title={Dynamic hand gesture recognition using the skeleton of the hand},
  author={Ionescu, Bogdan and Coquin, Didier and Lambert, Patrick and Buzuloiu, Vasile},
  journal={EURASIP Journal on Advances in Signal Processing},
  volume={2005},
  pages={1--9},
  year={2005},
  publisher={Springer}
}

@inproceedings{yu2010vision,
  title={Vision-based hand gesture recognition using combinational features},
  author={Yu, Chenglong and Wang, Xuan and Huang, Hejiao and Shen, Jianping and Wu, Kun},
  booktitle={2010 Sixth International Conference on Intelligent Information Hiding and Multimedia Signal Processing},
  pages={543--546},
  year={2010},
  organization={IEEE}
}

@article{li2015feature,
  title={Feature learning based on SAE--PCA network for human gesture recognition in RGBD images},
  author={Li, Shao-Zi and Yu, Bin and Wu, Wei and Su, Song-Zhi and Ji, Rong-Rong},
  journal={Neurocomputing},
  volume={151},
  pages={565--573},
  year={2015},
  publisher={Elsevier}
}

@inproceedings{sonkusare2015review,
  title={A review on hand gesture recognition system},
  author={Sonkusare, Jayesh S and Chopade, Nilkanth B and Sor, Ravindra and Tade, Sunil L},
  booktitle={2015 International Conference on Computing Communication Control and Automation},
  pages={790--794},
  year={2015},
  organization={IEEE}
}

@inproceedings{bobic2016hand,
  title={Hand gesture recognition using neural network based techniques},
  author={Bobi{\'c}, Vladislava and Tadi{\'c}, Predrag and Kva{\v{s}}{\v{c}}ev, Goran},
  booktitle={2016 13th Symposium on Neural Networks and Applications (NEUREL)},
  pages={1--4},
  year={2016},
  organization={IEEE}
}

@inproceedings{islam2017real,
  title={Real time hand gesture recognition using different algorithms based on American sign language},
  author={Islam, Md Mohiminul and Siddiqua, Sarah and Afnan, Jawata},
  booktitle={2017 IEEE international conference on imaging, vision \& pattern recognition (icIVPR)},
  pages={1--6},
  year={2017},
  organization={IEEE}
}

@inproceedings{islam2017real,
  title={Real time hand gesture recognition using different algorithms based on American sign language},
  author={Islam, Md Mohiminul and Siddiqua, Sarah and Afnan, Jawata},
  booktitle={2017 IEEE international conference on imaging, vision \& pattern recognition (icIVPR)},
  pages={1--6},
  year={2017},
  organization={IEEE}
}

@inproceedings{saha2018machine,
  title={A machine learning based approach for hand gesture recognition using distinctive feature extraction},
  author={Saha, Himadri Nath and Tapadar, Sayan and Ray, Shinjini and Chatterjee, Suhrid Krishna and Saha, Sudipta},
  booktitle={2018 IEEE 8th annual computing and communication workshop and conference (CCWC)},
  pages={91--98},
  year={2018},
  organization={IEEE}
}

@article{rastgoo2021hand,
  title={Hand pose aware multimodal isolated sign language recognition},
  author={Rastgoo, Razieh and Kiani, Kourosh and Escalera, Sergio},
  journal={Multimedia Tools and Applications},
  volume={80},
  pages={127--163},
  year={2021},
  publisher={Springer}
}

@article{xu2021application,
  title={Application of tensor train decomposition in S2VT model for sign language recognition},
  author={Xu, Biao and Huang, Shiliang and Ye, Zhongfu},
  journal={IEEE Access},
  volume={9},
  pages={35646--35653},
  year={2021},
  publisher={IEEE}
}

@inproceedings{admasu2010ethiopian,
  title={Ethiopian sign language recognition using Artificial Neural Network},
  author={Admasu, Yonas Fantahun and Raimond, Kumudha},
  booktitle={2010 10th International Conference on Intelligent Systems Design and Applications},
  pages={995--1000},
  year={2010},
  organization={IEEE}
}

@article{deriche2019intelligent,
  title={An intelligent arabic sign language recognition system using a pair of LMCs with GMM based classification},
  author={Deriche, Mohamed and Aliyu, Salihu O and Mohandes, Mohamed},
  journal={IEEE Sensors Journal},
  volume={19},
  number={18},
  pages={8067--8078},
  year={2019},
  publisher={IEEE}
}

@book{ahram2021advances,
  title={Advances in Artificial Intelligence, Software and Systems Engineering: Proceedings of the AHFE 2021 Virtual Conferences on Human Factors in Software and Systems Engineering, Artificial Intelligence and Social Computing, and Energy, July 25-29, 2021, USA},
  author={Ahram, Tareq Z and Karwowski, Waldemar and Kalra, Jay},
  volume={271},
  year={2021},
  publisher={Springer Nature}
}

@article{song2021intelligent,
  title={Intelligent human hand gesture recognition by local--global fusing quality-aware features},
  author={Song, Tao and Zhao, Honghua and Liu, Zhi and Liu, Hao and Hu, Yuanyuan and Sun, Dianmin},
  journal={Future Generation Computer Systems},
  volume={115},
  pages={298--303},
  year={2021},
  publisher={Elsevier}
}

@article{lee2021american,
  title={American sign language recognition and training method with recurrent neural network},
  author={Lee, Carman KM and Ng, Kam KH and Chen, Chun-Hsien and Lau, Henry CW and Chung, SY and Tsoi, Tiffany},
  journal={Expert Systems with Applications},
  volume={167},
  pages={114403},
  year={2021},
  publisher={Elsevier}
}

@inproceedings{lee2021comparative,
  title={A comparative analysis on the impact of face tracker and skin segmentation onto improving the performance of real-time remote photoplethysmography},
  author={Lee, Kunyoung and Jin, Kyungwon and Kim, Youngwon and Lee, Jee Hang and Lee, Eui Chul},
  booktitle={Intelligent Human Computer Interaction: 12th International Conference, IHCI 2020, Daegu, South Korea, November 24--26, 2020, Proceedings, Part II 12},
  pages={27--37},
  year={2021},
  organization={Springer}
}

@article{gao2021rnn,
  title={RNN-transducer based Chinese sign language recognition},
  author={Gao, Liqing and Li, Haibo and Liu, Zhijian and Liu, Zekang and Wan, Liang and Feng, Wei},
  journal={Neurocomputing},
  volume={434},
  pages={45--54},
  year={2021},
  publisher={Elsevier}
}

@inproceedings{el2020sign,
  title={Sign Language Interpreter System: An alternative system for machine learning},
  author={El-Din, Salma A Essam and Abd El-Ghany, Mohamed A},
  booktitle={2020 2nd Novel Intelligent and Leading Emerging Sciences Conference (NILES)},
  pages={332--337},
  year={2020},
  organization={IEEE}
}

@inproceedings{bin2019study,
  title={Study of convolutional neural network in recognizing static American sign language},
  author={Bin, Lee Yi and Huann, Goh Yeh and Yun, Lum Kin},
  booktitle={2019 IEEE international conference on signal and image processing applications (ICSIPA)},
  pages={41--45},
  year={2019},
  organization={IEEE}
}

@inproceedings{savur2015real,
  title={Real-time american sign language recognition system using surface emg signal},
  author={Savur, Celal and Sahin, Ferat},
  booktitle={2015 IEEE 14th International Conference on Machine Learning and Applications (ICMLA)},
  pages={497--502},
  year={2015},
  organization={IEEE}
}

@inproceedings{hasan2020classification,
  title={Classification of sign language characters by applying a deep convolutional neural network},
  author={Hasan, Md Mehedi and Srizon, Azmain Yakin and Sayeed, Abu and Hasan, Md Al Mehedi},
  booktitle={2020 2nd International Conference on Advanced Information and Communication Technology (ICAICT)},
  pages={434--438},
  year={2020},
  organization={IEEE}
}

@inproceedings{nimisha2020brief,
  title={A brief review of the recent trends in sign language recognition},
  author={Nimisha, KP and Jacob, Agnes},
  booktitle={2020 International Conference on Communication and Signal Processing (ICCSP)},
  pages={186--190},
  year={2020},
  organization={IEEE}
}

@article{cooper2011sign,
  title={Sign language recognition},
  author={Cooper, Helen and Holt, Brian and Bowden, Richard},
  journal={Visual Analysis of Humans: Looking at People},
  pages={539--562},
  year={2011},
  publisher={Springer}
}

@ARTICLE{413199,
  author={Waldron, M.B. and Soowon Kim},
  journal={IEEE Transactions on Rehabilitation Engineering}, 
  title={Isolated ASL sign recognition system for deaf persons}, 
  year={1995},
  volume={3},
  number={3},
  pages={261-271},
  doi={10.1109/86.413199}
}

@INPROCEEDINGS{5738842,
  author={Lekhashri, B. and Arun Pratap, A.},
  booktitle={2011 National Conference on Innovations in Emerging Technology}, 
  title={Use of motion-print in sign language recognition}, 
  year={2011},
  volume={},
  number={},
  pages={99-102},
  doi={10.1109/NCOIET.2011.5738842}
}

@article{Kadous1970,
  author = {Kadous, Mohammed},
  year = {1970},
  month = {02},
  pages = {},
  title = {Machine Recognition of Auslan Signs Using PowerGloves: Towards Large-Lexicon Recognition of Sign Language}
}

@article{Metaxas1970,
  author = {Dimitris Metaxas},
  year = {1997},
  pages = {},
  title = {Adapting hidden Markov models for ASL recognition by using three-dimensional computer vision methods}
}

@article{saleh2020arabic,
  title={Arabic sign language recognition through deep neural networks fine-tuning},
  author={Saleh, Yaser and Issa, Ghassan},
  year={2020},
  publisher={International Association of Online Engineering}
}

@ARTICLE{9178440,
  author={Kudrinko, Karly and Flavin, Emile and Zhu, Xiaodan and Li, Qingguo},
  journal={IEEE Reviews in Biomedical Engineering}, 
  title={Wearable Sensor-Based Sign Language Recognition: A Comprehensive Review}, 
  year={2021},
  volume={14},
  number={},
  pages={82-97},
  doi={10.1109/RBME.2020.3019769}
}

@inproceedings{zafrulla2011american,
  title={American sign language recognition with the kinect},
  author={Zafrulla, Zahoor and Brashear, Helene and Starner, Thad and Hamilton, Harley and Presti, Peter},
  booktitle={Proceedings of the 13th international conference on multimodal interfaces},
  pages={279--286},
  year={2011}
}
@article{bouzid2016using,
  title={Using educational games for sign language learning-a signwriting learning game: Case study},
  author={Bouzid, Yosra and Khenissi, Mohamed Ali and Essalmi, Fathi and Jemni, Mohamed},
  journal={Journal of Educational Technology \& Society},
  volume={19},
  number={1},
  pages={129--141},
  year={2016},
  publisher={JSTOR}
}
@article{lesmes2022design,
  title={Design and Production of Educational Video Games for the Inclusion of Deaf Children},
  author={Lesmes, Clemencia Zapata and Acosta-Solano, Jairo and Benavides, Luis Blanquicett and Ib{\'a}{\~n}ez, Samir F Uma{\~n}a},
  journal={Procedia Computer Science},
  volume={198},
  pages={626--631},
  year={2022},
  publisher={Elsevier}
}
@article{green2006enumeration,
  title={Enumeration versus multiple object tracking: The case of action video game players},
  author={Green, C Shawn and Bavelier, Daphne},
  journal={Cognition},
  volume={101},
  number={1},
  pages={217--245},
  year={2006},
  publisher={Elsevier}
}
@article{tejeiro2009efectos,
  title={Efectos psicosociales de los videojuegos},
  author={Tejeiro Salguero, Ricardo and Pelegrina del R{\'\i}o, Manuel and G{\'o}mez Vallecillo, Jorge Luis},
  journal={Comunicaci{\'o}n: revista Internacional de Comunicaci{\'o}n Audiovisual, Publicidad y Estudios Culturales, 1 (7), 235-250.},
  year={2009},
  publisher={Universidad de Sevilla}
}
@inproceedings{baker1994,
  title={Technology Assessment in Education and Training},
  author={Eva Baker, Harold F. O'Neil, Jr., Harold F. O'Neil},
  year={1994}
}
@article{lesmes2022design,
  title={Design and Production of Educational Video Games for the Inclusion of Deaf Children},
  author={Lesmes, Clemencia Zapata and Acosta-Solano, Jairo and Benavides, Luis Blanquicett and Ib{\'a}{\~n}ez, Samir F Uma{\~n}a},
  journal={Procedia Computer Science},
  volume={198},
  pages={626--631},
  year={2022},
  publisher={Elsevier}
}
@misc{TuesdayJS,
  title = {TuesdayJS},
  howpublished = "\url{https://kirilllive.github.io/tuesday-js/}"
}
@misc{monogatari,
  title = {Monogatari},
  howpublished = "\url{https://monogatari.io/}"
}

@inproceedings{saragih2011real,
  title={Real-time avatar animation from a single image},
  author={Saragih, Jason M and Lucey, Simon and Cohn, Jeffrey F},
  booktitle={2011 IEEE International Conference on Automatic Face \& Gesture Recognition (FG)},
  pages={117--124},
  year={2011},
  organization={IEEE}
}


@misc{pose_animator,
  title = {pose_animator},
  howpublished = "\url{https://blog.tensorflow.org/2020/05/pose-animator-open-source-tool-to-bring-svg-characters-to-life.html}"
}

@inproceedings{nguyen2021automatic,
  title={Automatic generation of a 3D sign language avatar on AR glasses given 2D videos of human signers},
  author={Nguyen, Lan Thao and Schicktanz, Florian and Stankowski, Aeneas and Avramidis, Eleftherios},
  booktitle={Proceedings of the 1st International Workshop on Automatic Translation for Signed and Spoken Languages (AT4SSL)},
  pages={71--81},
  year={2021}
}
https://blog.tensorflow.org/2020/05/pose-animator-open-source-tool-to-bring-svg-characters-to-life.html

@misc{blazepose,
  title = {blazepose},
  howpublished = "\url{https://blog.tensorflow.org/2021/08/3d-pose-detection-with-mediapipe-blazepose-ghum-tfjs.html}"
}

@misc{posenet,
  title = {posenet},
  howpublished = "\url{https://github.com/aphrx/posenet}"
}

@misc{esla,
  title = {esla},
  howpublished = "\url{https://github.com/AdrLfv/esla}"
}

@misc{javascriptgaming,
  title = {javascriptgaming},
  howpublished = "\url{https://medium.com/nerd-for-tech/javascript-and-the-gaming-industry-3d2ff7f102e9}"
}

@misc{kalidokit,
  title = {kalidokit},
  howpublished = "\url{https://github.com/yeemachine/kalidokit}"
}

@misc{vroid,
  title = {vroid},
  howpublished = "\url{https://hub.vroid.com/en/}"
}

@misc{slr_mirror,
  title = {slr_mirror},
  howpublished = "\url{https://github.com/AdrLfv/slr_mirror}"
}

@article{dreuw2007speech,
  title={Speech recognition techniques for a sign language recognition system},
  author={Dreuw, Philippe and Rybach, David and Deselaers, Thomas and Zahedi, Morteza and Ney, Hermann},
  journal={hand},
  volume={60},
  pages={80},
  year={2007}
}

@misc{LSTM,
  title = {LSTM},
  howpublished = "\url{https://metalblog.ctif.com/2021/09/06/les-reseaux-de-neurones-recurrents-pour-les-series-temporelles/}"
}

@misc{onnx,
  title = {onnx},
  howpublished = "\url{https://onnx.ai/}"
}
@misc{cyberglovesystems,
  title = {cyberglovesystems},
  howpublished = "\url{https://www.cyberglovesystems.com/products/cyberglove-II/photos-video}"
}

@article{loshchilov2017decoupled,
  title={Decoupled weight decay regularization},
  author={Loshchilov, Ilya and Hutter, Frank},
  journal={arXiv preprint arXiv:1711.05101},
  year={2017}
}

@article{li2010crowdsourcing,
  title={Crowdsourcing, benchmarking \& other cool things},
  author={Li, F-F ImageNet},
  journal={CMU VASC Semin},
  volume={16},
  pages={18--25},
  year={2010}
}

@article{alom2018history,
  title={The history began from alexnet: A comprehensive survey on deep learning approaches},
  author={Alom, Md Zahangir and Taha, Tarek M and Yakopcic, Christopher and Westberg, Stefan and Sidike, Paheding and Nasrin, Mst Shamima and Van Esesn, Brian C and Awwal, Abdul A S and Asari, Vijayan K},
  journal={arXiv preprint arXiv:1803.01164},
  year={2018}
}

@inproceedings{kendall2015posenet,
  title={Posenet: A convolutional network for real-time 6-dof camera relocalization},
  author={Kendall, Alex and Grimes, Matthew and Cipolla, Roberto},
  booktitle={Proceedings of the IEEE international conference on computer vision},
  pages={2938--2946},
  year={2015}
}

@article{lugaresi2019mediapipe,
  title={Mediapipe: A framework for building perception pipelines},
  author={Lugaresi, Camillo and Tang, Jiuqiang and Nash, Hadon and McClanahan, Chris and Uboweja, Esha and Hays, Michael and Zhang, Fan and Chang, Chuo-Ling and Yong, Ming Guang and Lee, Juhyun and others},
  journal={arXiv preprint arXiv:1906.08172},
  year={2019}
}

@inproceedings{cao2017realtime,
  title={Realtime multi-person 2d pose estimation using part affinity fields},
  author={Cao, Zhe and Simon, Tomas and Wei, Shih-En and Sheikh, Yaser},
  booktitle={Proceedings of the IEEE conference on computer vision and pattern recognition},
  pages={7291--7299},
  year={2017}
}

@ARTICLE{movenet,
  author={Bajpai, Rishabh and Joshi, Deepak},
  journal={IEEE Transactions on Instrumentation and Measurement}, 
  title={MoveNet: A Deep Neural Network for Joint Profile Prediction Across Variable Walking Speeds and Slopes}, 
  year={2021},
  volume={70},
  number={},
  pages={1-11},
  doi={10.1109/TIM.2021.3073720}
}

@inproceedings{bouzid2013avatar,
  title={An Avatar based approach for automatically interpreting a sign language notation},
  author={Bouzid, Yosra and Jemni, Mohamed},
  booktitle={2013 IEEE 13th International Conference on Advanced Learning Technologies},
  pages={92--94},
  year={2013},
  organization={IEEE}
}

@misc{posenet_demo,
  title = {posenet_demo},
  howpublished = "\url{https://github.com/aphrx/posenet_demo}"
}

@misc{mixamo,
  title = {mixamo},
  howpublished = "\url{https://www.mixamo.com/#/}"
}

@misc{threejs,
  title = {threejs},
  howpublished = "\url{https://threejs.org/}"
}

@book{gardner2004intelligences,
  title={Les intelligences multiples},
  author={Gardner, Howard and Bonin, Yves},
  year={2004},
  publisher={Retz Paris}
}

@ARTICLE{10.3389/fnhum.2012.00153,
  AUTHOR={Wang, Yin and Hamilton, Antonia},   
  TITLE={Social top-down response modulation (STORM): a model of the control of mimicry in social interaction},      
  JOURNAL={Frontiers in Human Neuroscience},      
  VOLUME={6},           
  YEAR={2012},      
  URL={https://www.frontiersin.org/articles/10.3389/fnhum.2012.00153},       
  DOI={10.3389/fnhum.2012.00153},      
  ISSN={1662-5161},   
}

@misc{gosai,
  title = {Gosai},
  howpublished = "\url{https://dvic.devinci.fr/projects/gosai}"
}

@misc{what_when_how,
  title = {what_when_how},
  howpublished = "\url{http://what-when-how.com/advanced-methods-in-computer-graphics/quaternions-advanced-methods-in-computer-graphics-part-4/}"
}

@article{kelly1999offering,
  title={Offering a hand to pragmatic understanding: The role of speech and gesture in comprehension and memory},
  author={Kelly, Spencer D and Barr, Dale J and Church, R Breckinridge and Lynch, Katheryn},
  journal={Journal of memory and Language},
  volume={40},
  number={4},
  pages={577--592},
  year={1999},
  publisher={Elsevier}
}

@book{godoy2012musical,
  title={Musical imagery},
  author={Godoy, Rolf Inge and Jorgensen, Harald},
  year={2012},
  publisher={Routledge}
}

@article{farrugia2015tunes,
  title={Tunes stuck in your brain: The frequency and affective evaluation of involuntary musical imagery correlate with cortical structure},
  author={Farrugia, Nicolas and Jakubowski, Kelly and Cusack, Rhodri and Stewart, Lauren},
  journal={Consciousness and cognition},
  volume={35},
  pages={66--77},
  year={2015},
  publisher={Elsevier}
}

@inproceedings{bevilacqua2007wireless,
  title={Wireless sensor interface and gesture-follower for music pedagogy},
  author={Bevilacqua, Frederic and Gu{\'e}dy, Fabrice and Schnell, Norbert and Fl{\'e}ty, Emmanuel and Leroy, Nicolas},
  booktitle={Proceedings of the 7th international conference on New interfaces for musical expression},
  pages={124--129},
  year={2007}
}

@inproceedings{huang2016visualized,
  title={Visualized comparison as a correctness indicator for music sight-singing learning interface evaluation—a pitch recognition technology study},
  author={Huang, Yu Ting and Chu, Chi Nung},
  booktitle={Frontier Computing: Theory, Technologies and Applications},
  pages={959--964},
  year={2016},
  organization={Springer}
}

@inproceedings{lin2014implementation,
  title={Implementation and evaluation of real-time interactive user interface design in self-learning singing pitch training apps},
  author={Lin, Kin Wah Edward and Anderson, Hans and Hamzeen, MHM and Lui, Simon},
  booktitle={ICMC},
  year={2014}
}

@article{cook2019augmented,
  title={Augmented reality: Examining its value in a music technology classroom. Practice and potential.},
  author={Cook, Mervyn John},
  journal={Waikato Journal of Education},
  volume={24},
  number={2},
  pages={23--38},
  year={2019},
  publisher={ERIC}
}

@inproceedings{fillwalk2015chromachord,
  title={ChromaChord: A virtual musical instrument},
  author={Fillwalk, John},
  booktitle={2015 IEEE Symposium on 3D User Interfaces (3DUI)},
  pages={201--202},
  year={2015},
  organization={IEEE}
}

@inproceedings{hwang2017airpiano,
  title={AirPiano: Enhancing music playing experience in virtual reality with mid-air haptic feedback},
  author={Hwang, Inwook and Son, Hyungki and Kim, Jin Ryong},
  booktitle={2017 IEEE world haptics conference (WHC)},
  pages={213--218},
  year={2017},
  organization={IEEE}
}

@inproceedings{johnson2017vrmin,
  title={Vrmin: using mixed reality to augment the theremin for musical tutoring.},
  author={Johnson, David and Tzanetakis, George},
  booktitle={NIME},
  pages={151--156},
  year={2017}
}

@inproceedings{santini_giovanni_2020_4813449,
  author       = {Santini, Giovanni},
  title        = {Augmented Piano in Augmented Reality},
  booktitle    = {{Proceedings of the International Conference on New 
                   Interfaces for Musical Expression}},
  year         = 2020,
  pages        = {411--415},
  publisher    = {Zenodo},
  month        = jun,
  venue        = {Birmingham, UK},
  doi          = {10.5281/zenodo.4813449},
  url          = {https://doi.org/10.5281/zenodo.4813449}
}

@article{santini2018linear,
  title={Linear (live-generated interface and notation environment in augmented reality)},
  author={Santini, Giovanni},
  journal={Proc. TENOR},
  pages={33--42},
  year={2018}
}

@article{mcleodtartini,
  title={Tartini: The Music Analysis Tool},
  author={McLeod, Philip}
}

@article{de1993separation,
  title={Separation of concurrent harmonic sounds: Fundamental frequency estimation and a time-domain cancellation model of auditory processing},
  author={de Cheveign{\'e}, Alain},
  journal={The Journal of the Acoustical Society of America},
  volume={93},
  number={6},
  pages={3271--3290},
  year={1993},
  publisher={Acoustical Society of America}
}

@inproceedings{maes1993learning,
  title={Learning interface agents},
  author={Maes, Pattie and Kozierok, Robyn},
  booktitle={AAAI},
  volume={93},
  pages={459--465},
  year={1993}
}

@article{janssen2017gamification,
  title={Gamification in physical therapy: More than using games},
  author={Janssen, Joep and Verschuren, Olaf and Renger, Willem Jan and Ermers, Jose and Ketelaar, Marjolijn and Van Ee, Raymond},
  journal={Pediatric Physical Therapy},
  volume={29},
  number={1},
  pages={95--99},
  year={2017},
  publisher={Wolters Kluwer}
}

@inproceedings{DextrEMS,
  author = {Nith, Romain and Teng, Shan-Yuan and Li, Pengyu and Tao, Yujie and Lopes, Pedro},
  title = {DextrEMS: Increasing Dexterity in Electrical Muscle Stimulation by Combining It with Brakes},
  year = {2021},
  isbn = {9781450386357},
  publisher = {Association for Computing Machinery},
  address = {New York, NY, USA},
  url = {https://doi.org/10.1145/3472749.3474759}
}

@misc{carolina_eyck_theremine,
  title = {carolina_eyck_theremine},
  howpublished = "\url{https://www.youtube.com/watch?v=wrUo9hmNwts}"
}

@book{baker1994technology,
  title={Technology assessment in education and training},
  author={Baker, Eva L and O'Neil, Harold F},
  volume={1},
  year={1994},
  publisher={Psychology Press}
}